@book{alpaydin:2004:introduction,
  title={Introduction to machine learning},
  author={Alpaydin, Ethem},
  year={2004},
  publisher={MIT press}
}

@article{huang:2006:elm,
  title={Extreme learning machine: theory and applications},
  author={Huang, Guang-Bin and Zhu, Qin-Yu and Siew, Chee-Kheong},
  journal={Neurocomputing},
  volume={70},
  number={1},
  pages={489--501},
  year={2006},
  publisher={Elsevier}
}

@online{reddit:2015:elm-controversy,
  author = {Reddit},
  title = {Yann LeCun: What's so great about "Extreme Learning Machines"?},
  year = {2015},
  url = {https://www.reddit.com/r/MachineLearning/comments/34u0go/yann_lecun_whats_so_great_about_extreme_learning/},
  urldate = {2015-12-18}
}

@book{haykin:2009:neural-networks,
  title={Neural Networks and Learning Machines},
  author={Haykin, S.S.},
  number={nid. 10},
  isbn={9780131471399},
  lccn={2008034079},
  series={Neural networks and learning machines},
  year={2009},
  publisher={Prentice Hall}
}

@article{breiman:1996:bagging,
    title={Bagging predictors},
    author={Breiman, Leo},
    journal={Machine learning},
    volume={24},
    number={2},
    pages={123--140},
    year={1996},
    publisher={Springer}
}

@online{kaggle:2015:winner,
    title={Profiling Top Kagglers: Gilberto Titericz, New 1 in the World},
    author={Kaggle},
    year={2015},
    url={http://blog.kaggle.com/2015/11/09/profiling-top-kagglers-gilberto-titericz-new-1-in-the-world/},
    urldate={2015-12-18}
}

@online{matlab:2015:treebagger,
    title={TreeBagger},
    author={MathWorks},
    year={2015},
    url={http://se.mathworks.com/help/stats/treebagger.html},
    urldate={2015-12-18}
}

@book{theodoridis:2009:pattern-recognition,
  author="Theodoridis, Sergios.
  and Koutroumbas, Konstantinos.",
  title="Pattern recognition",
  year="2009.",
  publisher="Academic Press",
  address="Burlington, MA ;",
  pages="Verkkokirja (pdf)",
  keywords="Pattern recognition systems.; tietotekniikka - algoritmit; hahmontunnistus; m{\"o}nsterigenk{\"a}nning; Reconnaissance des formes (Informatique); Patroonherkenning.; COMPUTERS - Optical Data Processing.; elektroninen kurssikirja; Electronic books.",
  note="Previous ed.: San Diego, CA : Academic Press, c2006.",
  isbn="9780080949123 (electronic bk.)",
}

@online{matlab:2015:fitcsvm,
    title={fitcsvm},
    author={MathWorks},
    year={2015},
    url={http://se.mathworks.com/help/stats/fitcsvm.html},
    urldate={2015-12-19}
}

@online{matlab:2015:tansig,
    title={tansig},
    author={MathWorks},
    year={2015},
    url={http://se.mathworks.com/help/nnet/ref/tansig.html},
    urldate={2015-12-19}
}

@article{cortez:2009:modeling,
    title={Modeling wine preferences by data mining from physicochemical properties},
    author={Cortez, Paulo and Cerdeira, Ant{\'o}nio and Almeida, Fernando and Matos, Telmo and Reis, Jos{\'e}},
    journal={Decision Support Systems},
    volume={47},
    number={4},
    pages={547--553},
    year={2009},
    publisher={Elsevier}
}

@inproceedings{wan:2013:regularization,
    title={Regularization of neural networks using dropconnect},
    author={Wan, Li and Zeiler, Matthew and Zhang, Sixin and Cun, Yann L and Fergus, Rob},
    booktitle={Proceedings of the 30th International Conference on Machine Learning (ICML-13)},
    pages={1058--1066},
    year={2013}
}

@inproceedings{ciresan:2012:multi,
    title={Multi-column deep neural networks for image classification},
    author={Ciresan, Dan and Meier, Ueli and Schmidhuber, J{\"u}rgen},
    booktitle={Computer Vision and Pattern Recognition (CVPR), 2012 IEEE Conference on},
    pages={3642--3649},
    year={2012},
    organization={IEEE}
}
